@book{book1,
  title = {Options, Futures, and other derivatives},
  author = {John C. Hull},
  ISBN = {0-13-500994-4},
  pages = {215--216},
  publisher = {Pearson},
  year = {1997},
  edition = {Seventh}
  }

@article{blackscholes,
  title={The pricing of options and corporate liabilities},
  author={Black, Fischer and Scholes, Myron},
  journal={The journal of political economy},
  pages={637--654},
  year={1973},
  publisher={JSTOR}
  }

@article{lattice,
  title={Option pricing: A simplified approach},
  author={Cox, John C and Ross, Stephen A and Rubinstein, Mark},
  journal={Journal of financial Economics},
  volume={7},
  number={3},
  pages={229--263},
  year={1979},
  publisher={Elsevier}
  }