@inproceedings{mahler2009modeling,
  title={Modeling the S\&P 500 index using the Kalman filter and the LagLasso},
  author={Mahler, Nicolas},
  booktitle={Machine Learning for Signal Processing, 2009. MLSP 2009. IEEE International Workshop on},
  pages={1--6},
  year={2009},
  organization={IEEE}
}